% Encoding: windows-1252

@Article{Barn-JORVQ,
  author  = {Christopher F. Barnes and Richard L. Frost},
  title   = {Residual Vector Quantizers with Jointly Optimized Code Books},
  journal = {Advances in Electronics and Electron Physics},
  year    = {1992},
  volume  = {84},
  pages   = {1--59},
}

@Book{REALCAR,
  Title                    = {Real Analysis},
  Author                   = {Neal Carothers},
  Publisher                = {Cambridge University Press},
  Year                     = {2000}
}

@Article{einstein,
  Title                    = {{Zur Elektrodynamik bewegter K{\"o}rper}. ({German})
 [{On} the electrodynamics of moving bodies]},
  Author                   = {Albert Einstein},
  Journal                  = {Annalen der Physik},
  Year                     = {1905},
  Number                   = {10},
  Pages                    = {891--921},
  Volume                   = {322},

  Doi                      = {http://dx.doi.org/10.1002/andp.19053221004}
}

@Article{WAGFJ,
  author  = {George T. Gilbert and Rhonda L. Hatcher},
  title   = {Wagering in Final Jeopardy!},
  journal = {Mathematics Magazine},
  year    = {1994},
  volume  = {67},
  number  = {4},
  pages   = {268-277},
  month   = {October},
}

@Electronic{ANCONS,
  Title                    = {AnimeCons.com - {A}nime {C}onventions and {G}uests},
  HowPublished             = {Web},
  Organization             = {AnimeCons},
  Year                     = {2015},

  Owner                    = {sroberson},
  Timestamp                = {2016.07.21}
}

@Electronic{ARCADIA,
  Title                    = {Results - {A}rcadia {F}estival of {B}ands},
  HowPublished             = {Web},
  Month                    = {November},
  Organization             = {Wold of Pageantry},
  Url                      = {http://worldofpageantry.com/forums/viewtopic.php?f=1&t=19809},
  Year                     = {2011},

  Owner                    = {sroberson},
  Timestamp                = {2016.08.05}
}

@Comment{jabref-meta: databaseType:bibtex;}
